[gd_scene load_steps=8 format=2]

[ext_resource path="res://Scenes/Main/Main.gd" type="Script" id=1]
[ext_resource path="res://Scenes/Background/Background.tscn" type="PackedScene" id=2]
[ext_resource path="res://Scenes/Dragoon/Dragon.tscn" type="PackedScene" id=3]
[ext_resource path="res://Scenes/Lava/Lava.tscn" type="PackedScene" id=4]
[ext_resource path="res://Scenes/TilesSpawner/TilesSpawner.tscn" type="PackedScene" id=5]
[ext_resource path="res://Scenes/HUD/HUD.tscn" type="PackedScene" id=6]
[ext_resource path="res://Audio/Music/Annihilate (1).wav" type="AudioStream" id=7]

[node name="Main" type="Node"]
script = ExtResource( 1 )

[node name="Background" parent="." instance=ExtResource( 2 )]
region_rect = Rect2( -51.2144, -617.855, 1465.98, 1718.06 )

[node name="Dragon" parent="." instance=ExtResource( 3 )]

[node name="Lava" parent="." instance=ExtResource( 4 )]

[node name="TileSpawner" parent="." instance=ExtResource( 5 )]

[node name="StartTileSpawningTimeout" type="Timer" parent="."]
wait_time = 0.25
one_shot = true

[node name="HUD" parent="." instance=ExtResource( 6 )]

[node name="BackgroundMusic" type="AudioStreamPlayer" parent="."]
stream = ExtResource( 7 )
volume_db = 6.432
[connection signal="death" from="Dragon" to="." method="_on_Bird_death"]
[connection signal="start_flight" from="Dragon" to="." method="_on_Bird_start_flight"]
[connection signal="score_point" from="TileSpawner" to="." method="_on_TileSpawner_score_point"]
[connection signal="timeout" from="StartTileSpawningTimeout" to="." method="_on_StartTileSpawningTimeout_timeout"]
[connection signal="restart" from="HUD" to="." method="_on_HUD_restart"]
