[gd_scene load_steps=7 format=2]

[ext_resource path="res://Asset/Environment/Volcano Level Set_Background - Layer 00.png" type="Texture" id=1]
[ext_resource path="res://Fonts/Dimbo Regular.ttf" type="DynamicFontData" id=2]
[ext_resource path="res://Scenes/MainMenu/LinkButton.gd" type="Script" id=3]

[sub_resource type="DynamicFont" id=1]
size = 60
font_data = ExtResource( 2 )

[sub_resource type="DynamicFont" id=2]
size = 50
font_data = ExtResource( 2 )

[sub_resource type="DynamicFont" id=3]
size = 50
font_data = ExtResource( 2 )

[node name="MarginContainer" type="MarginContainer"]
anchor_right = 1.0
anchor_bottom = 1.0

[node name="Sprite" type="Sprite" parent="."]
position = Vector2( 497.858, 318.174 )
scale = Vector2( 0.745716, 0.848546 )
texture = ExtResource( 1 )

[node name="VBoxContainer" type="VBoxContainer" parent="."]
margin_right = 480.0
margin_bottom = 640.0
custom_constants/separation = 100

[node name="Label2" type="Label" parent="VBoxContainer"]
margin_right = 480.0
margin_bottom = 222.0
custom_fonts/font = SubResource( 1 )
text = "DRAGON 
FLOP
FLOP"
align = 1

[node name="VBoxContainer" type="VBoxContainer" parent="VBoxContainer"]
margin_top = 322.0
margin_right = 480.0
margin_bottom = 448.0

[node name="LinkButton" type="LinkButton" parent="VBoxContainer/VBoxContainer"]
margin_left = 186.0
margin_right = 293.0
margin_bottom = 61.0
size_flags_horizontal = 4
size_flags_vertical = 4
custom_fonts/font = SubResource( 2 )
custom_colors/font_color_hover = Color( 0.972549, 0.411765, 0.137255, 1 )
text = "START"
script = ExtResource( 3 )

[node name="LinkButton2" type="LinkButton" parent="VBoxContainer/VBoxContainer"]
margin_left = 203.0
margin_top = 65.0
margin_right = 277.0
margin_bottom = 126.0
size_flags_horizontal = 4
size_flags_vertical = 4
custom_fonts/font = SubResource( 3 )
custom_colors/font_color_hover = Color( 1, 0, 0, 1 )
text = "QUIT"
script = ExtResource( 3 )
[connection signal="pressed" from="VBoxContainer/VBoxContainer/LinkButton" to="VBoxContainer/VBoxContainer/LinkButton" method="_on_LinkButton_pressed"]
[connection signal="pressed" from="VBoxContainer/VBoxContainer/LinkButton2" to="VBoxContainer/VBoxContainer/LinkButton2" method="_on_LinkButton2_pressed"]
